@inproceedings{shen2018natural,
  title={Natural tts synthesis by conditioning wavenet on mel spectrogram predictions},
  author={Shen, Jonathan and Pang, Ruoming and Weiss, Ron J and Schuster, Mike and Jaitly, Navdeep and Yang, Zongheng and Chen, Zhifeng and Zhang, Yu and Wang, Yuxuan and Skerrv-Ryan, Rj and others},
  booktitle={2018 IEEE international conference on acoustics, speech and signal processing (ICASSP)},
  pages={4779--4783},
  year={2018},
  organization={IEEE}
}

@article{chorowski2015attention,
  title={Attention-based models for speech recognition},
  author={Chorowski, Jan K and Bahdanau, Dzmitry and Serdyuk, Dmitriy and Cho, Kyunghyun and Bengio, Yoshua},
  journal={Advances in neural information processing systems},
  volume={28},
  year={2015}
}

@article{bahdanau2014neural,
  title={Neural machine translation by jointly learning to align and translate},
  author={Bahdanau, Dzmitry and Cho, Kyunghyun and Bengio, Yoshua},
  journal={arXiv preprint arXiv:1409.0473},
  year={2014}
}

@article{griffin1984signal,
  title={Signal estimation from modified short-time Fourier transform},
  author={Griffin, Daniel and Lim, Jae},
  journal={IEEE Transactions on acoustics, speech, and signal processing},
  volume={32},
  number={2},
  pages={236--243},
  year={1984},
  publisher={IEEE}
}

@article{kawahara1999restructuring,
  title={Restructuring speech representations using a pitch-adaptive time--frequency smoothing and an instantaneous-frequency-based F0 extraction: Possible role of a repetitive structure in sounds},
  author={Kawahara, Hideki and Masuda-Katsuse, Ikuyo and De Cheveigne, Alain},
  journal={Speech communication},
  volume={27},
  number={3-4},
  pages={187--207},
  year={1999},
  publisher={Elsevier}
}

@article{morise2016world,
	title={WORLD: a vocoder-based high-quality speech synthesis system for real-time applications},
	author={Morise, Masanori and Yokomori, Fumiya and Ozawa, Kenji},
	journal={IEICE TRANSACTIONS on Information and Systems},
	volume={99},
	number={7},
	pages={1877--1884},
	year={2016},
	publisher={The Institute of Electronics, Information and Communication Engineers}
}

@article{jang2021univnet,
  title={UnivNet: A neural vocoder with multi-resolution spectrogram discriminators for high-fidelity waveform generation},
  author={Jang, Won and Lim, Dan and Yoon, Jaesam and Kim, Bongwan and Kim, Juntae},
  journal={arXiv preprint arXiv:2106.07889},
  year={2021}
}

@article{chen2020wavegrad,
  title={WaveGrad: Estimating gradients for waveform generation},
  author={Chen, Nanxin and Zhang, Yu and Zen, Heiga and Weiss, Ron J and Norouzi, Mohammad and Chan, William},
  journal={arXiv preprint arXiv:2009.00713},
  year={2020}
}

@online{coqui-doc,
  author  = {Coqui},
  title   = {Coqui TTS},
  url     = {https://github.com/coqui-ai/TTS}
  }
  
 @article{ren2019fastspeech,
  title={Fastspeech: Fast, robust and controllable text to speech},
  author={Ren, Yi and Ruan, Yangjun and Tan, Xu and Qin, Tao and Zhao, Sheng and Zhao, Zhou and Liu, Tie-Yan},
  journal={Advances in Neural Information Processing Systems},
  volume={32},
  year={2019}
}

@inproceedings{lancucki2021fastpitch,
  title={Fastpitch: Parallel text-to-speech with pitch prediction},
  author={{\L}a{\'n}cucki, Adrian},
  booktitle={ICASSP 2021-2021 IEEE International Conference on Acoustics, Speech and Signal Processing (ICASSP)},
  pages={6588--6592},
  year={2021},
  organization={IEEE}
}
[][]
@article{wang2017tacotron,
  title={Tacotron: Towards end-to-end speech synthesis},
  author={Wang, Yuxuan and Skerry-Ryan, RJ and Stanton, Daisy and Wu, Yonghui and Weiss, Ron J and Jaitly, Navdeep and Yang, Zongheng and Xiao, Ying and Chen, Zhifeng and Bengio, Samy and others},
  journal={arXiv preprint arXiv:1703.10135},
  year={2017}
}

@online{mailabs,
  author  = {Imdat Solak},
  title   = {The M-AiLabs Speech Dataset},
  url     = {https://www.caito.de/2019/01/03/the-m-ailabs-speech-dataset/}
  }


@online{formatting-dataset,
  author  = {Coqui TTS},
  title   = {Formatting Your Dataset},
  url     = {https://tts.readthedocs.io/en/latest/formatting_your_dataset.html#formatting-your-dataset}
  }

@inproceedings{kim2021conditional,
  title={Conditional variational autoencoder with adversarial learning for end-to-end text-to-speech},
  author={Kim, Jaehyeon and Kong, Jungil and Son, Juhee},
  booktitle={International Conference on Machine Learning},
  pages={5530--5540},
  year={2021},
  organization={PMLR}
}
